<record><leader>00000cas a2200000 a 4500</leader><controlfield tag="001">6219610</controlfield><controlfield tag="008">800418c19809999mdumr ne      0   a0eng d</controlfield><controlfield tag="009">467</controlfield><datafield ind1=" " ind2=" " tag="010"><subfield code="a">sn 80009129 </subfield></datafield><datafield ind1=" " ind2=" " tag="040"><subfield code="a">NSD</subfield><subfield code="b">eng</subfield><subfield code="c">NSD</subfield><subfield code="d">MFN</subfield><subfield code="d">OCL</subfield><subfield code="d">OCLCQ</subfield></datafield><datafield ind1=" " ind2=" " tag="012"><subfield code="m">d</subfield></datafield><datafield ind1="1" ind2=" " tag="022"><subfield code="a">0199-8617</subfield><subfield code="l">0199-8617</subfield><subfield code="2">1</subfield></datafield><datafield ind1=" " ind2=" " tag="042"><subfield code="a">nsdp</subfield></datafield><datafield ind1="0" ind2=" " tag="130"><subfield code="a">Greenbelt cooperator (Savage, Md.)</subfield></datafield><datafield ind1=" " ind2="0" tag="222"><subfield code="a">Greenbelt cooperator</subfield></datafield><datafield ind1="0" ind2="0" tag="245"><subfield code="a">Greenbelt cooperator.</subfield></datafield><datafield ind1=" " ind2=" " tag="260"><subfield code="a">Savage, Md. :</subfield><subfield code="b">Greenbelt Cooperative, Inc.,</subfield></datafield><datafield ind1=" " ind2=" " tag="310"><subfield code="a">Monthly,</subfield><subfield code="b">Feb. 1982-</subfield></datafield><datafield ind1=" " ind2=" " tag="321"><subfield code="a">Biweekly,</subfield><subfield code="b">Feb. 1, 1980-Jan. 29, 1982</subfield></datafield><datafield ind1="0" ind2=" " tag="362"><subfield code="a">[Vol. 1, no. 1] (Feb. 1, 1980)-</subfield></datafield><datafield ind1=" " ind2=" " tag="752"><subfield code="a">United States</subfield><subfield code="b">Maryland</subfield><subfield code="c">Prince George's</subfield><subfield code="d">Greenbelt.</subfield></datafield><datafield ind1=" " ind2=" " tag="752"><subfield code="a">United States</subfield><subfield code="b">Maryland</subfield><subfield code="c">Howard</subfield><subfield code="d">Savage.</subfield></datafield><datafield ind1="0" ind2="0" tag="780"><subfield code="t">Co-op consumer</subfield><subfield code="w">(DLC)sn 90057087</subfield></datafield><datafield ind1=" " ind2=" " tag="936"><subfield code="a">Feb. 1982</subfield></datafield></record>